@book{cheney2007numerical,
  title={Numerical Mathematics and Computing},
  author={Cheney, E. and Kincaid, D.},
  isbn={9780495114758},
  lccn={2007922553},
  series={International student edition},
  url={http://books.google.com.mx/books?id=ZUfVZELlrMEC},
  year={2007},
  publisher={Cengage Learning}
}
